@article{expecti,
	author = {Gunawan},
	title = {EXPECTIMAX-N: A MODIFICATION OF EXPECTIMAX ALGORITHM TO SOLVE MULTIPLAYER STOCHASTIC GAME},
	journal = {SIAM Journal on Discrete Mathematics},
	volume = {22},
	number = {1},
	pages = {124-138},
	year = {2008},
	doi = {10.1137/060652063},
	
	URL = {https://doi.org/10.1137/060652063},
	eprint = {https://doi.org/10.1137/060652063}
}